<?xml version="1.0" encoding="UTF-8"?>
<collection xmlns:xsi="http://www.w3.org/2001/XMLSchema-instance" xsi:schemaLocation="http://www.loc.gov/MARC21/slim http://www.loc.gov/standards/marcxml/schema/MARC21slim.xsd" xmlns="http://www.loc.gov/MARC21/slim">
<record>
  <leader>01038cam a22002411a 4500</leader>
  <controlfield tag="001">2957865</controlfield>
  <controlfield tag="003">NNC</controlfield>
  <controlfield tag="005">20130426002551.0</controlfield>
  <controlfield tag="008">970328s1950    ua            000 0 ara d</controlfield>
  <datafield tag="035" ind1=" " ind2=" ">
    <subfield code="a">(OCoLC)ocm36645012</subfield>
  </datafield>
  <datafield tag="035" ind1=" " ind2=" ">
    <subfield code="9">ASK2961CU</subfield>
  </datafield>
  <datafield tag="035" ind1=" " ind2=" ">
    <subfield code="a">(NNC)2957865</subfield>
  </datafield>
  <datafield tag="040" ind1=" " ind2=" ">
    <subfield code="a">BXM</subfield>
    <subfield code="c">BXM</subfield>
    <subfield code="d">ZCU</subfield>
  </datafield>
  <datafield tag="090" ind1=" " ind2=" ">
    <subfield code="a">BP166</subfield>
    <subfield code="b">.B27</subfield>
  </datafield>
  <datafield tag="100" ind1="1" ind2=" ">
    <subfield code="a">Bāqillānī, Muḥammad ibn al-Ṭayyib,</subfield>
    <subfield code="d">-1013.</subfield>
  </datafield>
  <datafield tag="245" ind1="1" ind2="3">
    <subfield code="a">al-Inṣāf fīmā yajibu iʻtiqadahu wa-lā yajuzu al-jahl bih /</subfield>
    <subfield code="c">li-Imām Abī Bakr Muḥammad ibn al-Ṭayyib al-Bāqillānī ; ʻarafa al-kitab̄ wa-qaddamahu lil-qirāʾ wa-kataba hawāmishahu Muḥammad Zāhid ibn al-Ḥasan al-Kawtharī ; ʻuniya bi-nashrihi wa-ṣaḥḥaḥahu wa-waḍaʻa fahārisahu ʻIzzat al-ʻAṭṭār al-Ḥusaynī.</subfield>
  </datafield>
  <datafield tag="260" ind1=" " ind2=" ">
    <subfield code="a">[Cairo :</subfield>
    <subfield code="b">s.n.],</subfield>
    <subfield code="c">1950.</subfield>
  </datafield>
  <datafield tag="300" ind1=" " ind2=" ">
    <subfield code="a">201 p. ;</subfield>
    <subfield code="c">25 cm.</subfield>
  </datafield>
  <datafield tag="500" ind1=" " ind2=" ">
    <subfield code="a">Title on p. [4] of cover: Al-inṣāf.</subfield>
  </datafield>
  <datafield tag="500" ind1=" " ind2=" ">
    <subfield code="a">At head of title: Kutub nādirah.</subfield>
  </datafield>
  <datafield tag="650" ind1=" " ind2="0">
    <subfield code="a">Islam</subfield>
    <subfield code="x">Doctrines</subfield>
    <subfield code="v">Early works to 1800.</subfield>
  </datafield>
  <datafield tag="740" ind1="3" ind2="1">
    <subfield code="a">Al-inṣāf.</subfield>
  </datafield>
  <datafield tag="955" ind1=" " ind2=" ">
    <subfield code="b">CU55319211</subfield>
    <subfield code="d">off,glx</subfield>
    <subfield code="e">BP166 .B27</subfield>
  </datafield>
</record>
</collection>